<record><leader>00000cas a2200000 a 4500</leader><controlfield tag="001">1785601</controlfield><controlfield tag="008">730705d19701978nyuwr ne      0   a0eng  </controlfield><datafield ind1=" " ind2=" " tag="010"><subfield code="a">   73642000 </subfield></datafield><datafield ind1=" " ind2=" " tag="040"><subfield code="a">DLC</subfield><subfield code="b">eng</subfield><subfield code="c">DLC</subfield><subfield code="d">OCL</subfield><subfield code="d">NSD</subfield><subfield code="d">OCL</subfield><subfield code="d">DLC</subfield><subfield code="d">OCL</subfield><subfield code="d">DLC</subfield><subfield code="d">DCN</subfield><subfield code="d">DLC</subfield><subfield code="d">OCLCQ</subfield><subfield code="d">J9U</subfield><subfield code="d">UIU</subfield><subfield code="d">OCLCO</subfield><subfield code="d">OCLCA</subfield><subfield code="d">OCLCF</subfield><subfield code="d">OCLCO</subfield></datafield><datafield ind1=" " ind2=" " tag="012"><subfield code="a">3</subfield><subfield code="b">3</subfield><subfield code="k">1</subfield></datafield><datafield ind1="7" ind2=" " tag="016"><subfield code="a">000276654</subfield><subfield code="2">IsJJNL</subfield></datafield><datafield ind1=" " ind2=" " tag="019"><subfield code="a">4073718</subfield><subfield code="a">241579822</subfield></datafield><datafield ind1="0" ind2=" " tag="022"><subfield code="a">0021-6852</subfield><subfield code="l">0021-6852</subfield><subfield code="2">1</subfield></datafield><datafield ind1="1" ind2=" " tag="029"><subfield code="a">AU@</subfield><subfield code="b">000025560831</subfield></datafield><datafield ind1=" " ind2=" " tag="042"><subfield code="a">pcc</subfield><subfield code="a">nsdp</subfield></datafield><datafield ind1=" " ind2=" " tag="043"><subfield code="a">n-us-dc</subfield></datafield><datafield ind1="0" ind2="0" tag="050"><subfield code="a">AP92</subfield><subfield code="b">.J73</subfield></datafield><datafield ind1=" " ind2=" " tag="082"><subfield code="a">071/.53</subfield></datafield><datafield ind1="0" ind2=" " tag="210"><subfield code="a">Jew. week Am. exam.</subfield></datafield><datafield ind1=" " ind2="4" tag="222"><subfield code="a">The Jewish week and the American examiner</subfield></datafield><datafield ind1="0" ind2="4" tag="245"><subfield code="a">The Jewish week and the American examiner.</subfield></datafield><datafield ind1="1" ind2="7" tag="246"><subfield code="a">Jewish week, American examiner</subfield></datafield><datafield ind1=" " ind2=" " tag="260"><subfield code="a">New York, N.Y. :</subfield><subfield code="b">Philip Hochstein</subfield></datafield><datafield ind1=" " ind2=" " tag="300"><subfield code="a">v.</subfield></datafield><datafield ind1=" " ind2=" " tag="310"><subfield code="a">Weekly</subfield></datafield><datafield ind1="0" ind2=" " tag="362"><subfield code="a">Vol. 180, no. 26 (Oct. 22, 1970)-v. 188, no. 6 (July 2, 1978).</subfield></datafield><datafield ind1=" " ind2=" " tag="580"><subfield code="a">Washington ed.: Jewish week (Washington, D.C. : 1975), 1975-1978.</subfield></datafield><datafield ind1=" " ind2="0" tag="650"><subfield code="a">Jews</subfield><subfield code="z">United States</subfield><subfield code="v">Newspapers.</subfield></datafield><datafield ind1=" " ind2="0" tag="651"><subfield code="a">New York (N.Y.)</subfield><subfield code="v">Newspapers.</subfield></datafield><datafield ind1=" " ind2="0" tag="651"><subfield code="a">Washington (D.C.)</subfield><subfield code="v">Newspapers.</subfield></datafield><datafield ind1=" " ind2="7" tag="655"><subfield code="a">Newspapers.</subfield><subfield code="2">fast</subfield><subfield code="0">(OCoLC)fst01423814</subfield></datafield><datafield ind1=" " ind2="7" tag="650"><subfield code="a">Jews.</subfield><subfield code="2">fast</subfield><subfield code="0">(OCoLC)fst00983135</subfield></datafield><datafield ind1=" " ind2="7" tag="651"><subfield code="a">New York (State)</subfield><subfield code="z">New York.</subfield><subfield code="2">fast</subfield><subfield code="0">(OCoLC)fst01204333</subfield></datafield><datafield ind1=" " ind2="7" tag="651"><subfield code="a">United States.</subfield><subfield code="2">fast</subfield><subfield code="0">(OCoLC)fst01204155</subfield></datafield><datafield ind1=" " ind2="7" tag="651"><subfield code="a">Washington (D.C.)</subfield><subfield code="2">fast</subfield><subfield code="0">(OCoLC)fst01204505</subfield></datafield><datafield ind1=" " ind2=" " tag="752"><subfield code="a">United States</subfield><subfield code="b">New York</subfield><subfield code="c">New York</subfield><subfield code="d">New York.</subfield></datafield><datafield ind1="1" ind2=" " tag="775"><subfield code="t">Jewish week (Washington, D.C. : 1975)</subfield><subfield code="w">(DLC)   84649779</subfield><subfield code="w">(OCoLC)6933675</subfield></datafield><datafield ind1="0" ind2="0" tag="780"><subfield code="t">American examiner</subfield><subfield code="w">(DLC)sn 89070035</subfield><subfield code="w">(OCoLC)5333092</subfield></datafield><datafield ind1="0" ind2="0" tag="785"><subfield code="t">New York Jewish week and the American examiner</subfield><subfield code="w">(DLC)sn 83007251</subfield></datafield></record>